@article{agurto2014multiscale,
  title={A multiscale optimization approach to detect exudates in the macula},
  author={Agurto, Carla and Murray, Victor and Yu, Honggang and Wigdahl, Jeffrey and Pattichis, Marios and Nemeth, Sheila and Barriga, E Simon and Soliz, Peter},
  journal={IEEE Journal Of Biomedical and health informatics},
  volume={18},
  number={4},
  pages={1328--1336},
  year={2014},
  publisher={IEEE}
}

@article{lecun2015deep,
  title={Deep learning},
  author={LeCun, Yann and Bengio, Yoshua and Hinton, Geoffrey},
  journal={nature},
  volume={521},
  number={7553},
  pages={436},
  year={2015},
  publisher={Nature Publishing Group}
}

@inproceedings{maas2013rectifier,
  title={Rectifier nonlinearities improve neural network acoustic models},
  author={Maas, Andrew L and Hannun, Awni Y and Ng, Andrew Y},
  booktitle={Proc. icml},
  volume={30},
  number={1},
  pages={3},
  year={2013}
}

@inproceedings{kinga2015method,
  title={A method for stochastic optimization},
  author={Kinga, D and Adam, J Ba},
  booktitle={International Conference on Learning Representations (ICLR)},
  year={2015}
}

@article{tapp2003prevalence,
  title={The prevalence of and factors associated with diabetic retinopathy in the Australian population},
  author={Tapp, Robyn J and Shaw, Jonathan E and Harper, C Alex and De Courten, Maximilian P and Balkau, Beverley and McCarty, Daniel J and Taylor, Hugh R and Welborn, Timothy A and Zimmet, Paul Z},
  journal={Diabetes care},
  volume={26},
  number={6},
  pages={1731--1737},
  year={2003},
  publisher={Am Diabetes Assoc}
}

@article{sirhindidiabetic,
  title={Diabetic Retinopathy (DR)},
  author={Sirhindi, GA and Tahir, M Zubair}
}

@article{lee2001comparison,
  title={Comparison of diagnosis of early retinal lesions of diabetic retinopathy between a computer system and human experts},
  author={Lee, Samuel C and Lee, Elisa T and Kingsley, Ronald M and Wang, Yiming and Russell, Dana and Klein, Ronald and Warn, Ann},
  journal={Archives of Ophthalmology},
  volume={119},
  number={4},
  pages={509--515},
  year={2001},
  publisher={American Medical Association}
}

@inproceedings{feng2017deep,
  title={Deep Retinal Image Segmentation: A FCN-Based Architecture with Short and Long Skip Connections for Retinal Image Segmentation},
  author={Feng, Zhongwei and Yang, Jie and Yao, Lixiu and Qiao, Yu and Yu, Qi and Xu, Xun},
  booktitle={International Conference on Neural Information Processing},
  pages={713--722},
  year={2017},
  organization={Springer}
}

@article{mathers2006projections,
  title={Projections of global mortality and burden of disease from 2002 to 2030},
  author={Mathers, Colin D and Loncar, Dejan},
  journal={PLoS medicine},
  volume={3},
  number={11},
  pages={e442},
  year={2006},
  publisher={Public Library of Science}
}

@article{welfer2010coarse,
  title={A coarse-to-fine strategy for automatically detecting exudates in color eye fundus images},
  author={Welfer, Daniel and Scharcanski, Jacob and Marinho, Diane Ruschel},
  journal={Computerized Medical Imaging and Graphics},
  volume={34},
  number={3},
  pages={228--235},
  year={2010},
  publisher={Elsevier}
}

@article{ali2013statistical,
  title={Statistical atlas based exudate segmentation},
  author={Ali, Sharib and Sidib{\'e}, D{\'e}sir{\'e} and Adal, Kedir M and Giancardo, Luca and Chaum, Edward and Karnowski, Thomas P and M{\'e}riaudeau, Fabrice},
  journal={Computerized Medical Imaging and Graphics},
  volume={37},
  number={5},
  pages={358--368},
  year={2013},
  publisher={Elsevier}
}

@article{harangi2014automatic,
  title={Automatic exudate detection by fusing multiple active contours and regionwise classification},
  author={Harangi, Balazs and Hajdu, Andras},
  journal={Computers in biology and medicine},
  volume={54},
  pages={156--171},
  year={2014},
  publisher={Elsevier}
}

@article{osareh2003automated,
  title={Automated identification of diabetic retinal exudates in digital colour images},
  author={Osareh, Alireza and Mirmehdi, Majid and Thomas, Bari and Markham, Richard},
  journal={British Journal of Ophthalmology},
  volume={87},
  number={10},
  pages={1220--1223},
  year={2003},
  publisher={BMJ Publishing Group Ltd}
}

@article{osareh2009computational,
  title={A computational-intelligence-based approach for detection of exudates in diabetic retinopathy images},
  author={Osareh, Alireza and Shadgar, Bita and Markham, Richard},
  journal={IEEE Transactions on Information Technology in Biomedicine},
  volume={13},
  number={4},
  pages={535--545},
  year={2009},
  publisher={IEEE}
}

@article{sopharak2009automatic,
  title={Automatic exudate detection for diabetic retinopathy screening},
  author={Sopharak, Akara and Uyyanonvara, Bunyarit and Barman, Sarah},
  journal={Science Asia},
  volume={35},
  number={1},
  pages={80--88},
  year={2009},
  publisher={Science Society of Thailand}
}

@article{sinthanayothin2002automated,
  title={Automated detection of diabetic retinopathy on digital fundus images},
  author={Sinthanayothin, Chanjira and Boyce, James F and Williamson, Tom H and Cook, Helen L and Mensah, Evelyn and Lal, Shantanu and Usher, David},
  journal={Diabetic medicine},
  volume={19},
  number={2},
  pages={105--112},
  year={2002},
  publisher={Wiley Online Library}
}

@article{fleming2007automated,
  title={Automated detection of exudates for diabetic retinopathy screening},
  author={Fleming, Alan D and Philip, Sam and Goatman, Keith A and Williams, Graeme J and Olson, John A and Sharp, Peter F},
  journal={Physics in medicine and biology},
  volume={52},
  number={24},
  pages={7385},
  year={2007},
  publisher={IOP Publishing}
}

@inproceedings{feng2017deep,
  title={Deep Retinal Image Segmentation: A FCN-Based Architecture with Short and Long Skip Connections for Retinal Image Segmentation},
  author={Feng, Zhongwei and Yang, Jie and Yao, Lixiu and Qiao, Yu and Yu, Qi and Xu, Xun},
  booktitle={International Conference on Neural Information Processing},
  pages={713--722},
  year={2017},
  organization={Springer}
}

@article{prentavsic2016detection,
  title={Detection of exudates in fundus photographs using deep neural networks and anatomical landmark detection fusion},
  author={Prenta{\v{s}}i{\'c}, Pavle and Lon{\v{c}}ari{\'c}, Sven},
  journal={Computer methods and programs in biomedicine},
  volume={137},
  pages={281--292},
  year={2016},
  publisher={Elsevier}
}

@article{zhang2014exudate,
  title={Exudate detection in color retinal images for mass screening of diabetic retinopathy},
  author={Zhang, Xiwei and Thibault, Guillaume and Decenci{\`e}re, Etienne and Marcotegui, Beatriz and La{\"y}, Bruno and Danno, Ronan and Cazuguel, Guy and Quellec, Gw{\'e}nol{\'e} and Lamard, Mathieu and Massin, Pascale and others},
  journal={Medical image analysis},
  volume={18},
  number={7},
  pages={1026--1043},
  year={2014},
  publisher={Elsevier}
}

@article{giancardo2012exudate,
  title={Exudate-based diabetic macular edema detection in fundus images using publicly available datasets},
  author={Giancardo, Luca and Meriaudeau, Fabrice and Karnowski, Thomas P and Li, Yaqin and Garg, Seema and Tobin, Kenneth W and Chaum, Edward},
  journal={Medical image analysis},
  volume={16},
  number={1},
  pages={216--226},
  year={2012},
  publisher={Elsevier}
}

@inproceedings{kauppi2007diaretdb1,
  title={The DIARETDB1 Diabetic Retinopathy Database and Evaluation Protocol.},
  author={Kauppi, Tomi and Kalesnykiene, Valentina and Kamarainen, Joni-Kristian and Lensu, Lasse and Sorri, Iiris and Raninen, Asta and Voutilainen, Raija and Uusitalo, Hannu and K{\"a}lvi{\"a}inen, Heikki and Pietil{\"a}, Juhani},
  booktitle={BMVC},
  pages={1--10},
  year={2007}
}

@article{decenciere2014feedback,
  title={Feedback on a publicly distributed image database: the Messidor database},
  author={Decenci{\`e}re, Etienne and Zhang, Xiwei and Cazuguel, Guy and La{\"y}, Bruno and Cochener, B{\'e}atrice and Trone, Caroline and Gain, Philippe and Ordonez, Richard and Massin, Pascale and Erginay, Ali and others},
  journal={Image Analysis \& Stereology},
  volume={33},
  number={3},
  pages={231--234},
  year={2014}
}

@inproceedings{ronneberger2015u,
  title={U-net: Convolutional networks for biomedical image segmentation},
  author={Ronneberger, Olaf and Fischer, Philipp and Brox, Thomas},
  booktitle={International Conference on Medical Image Computing and Computer-Assisted Intervention},
  pages={234--241},
  year={2015},
  organization={Springer}
}

@article{bengio2015deep,
  title={Deep learning},
  author={Bengio, Yoshua and Goodfellow, Ian J and Courville, Aaron},
  journal={Nature},
  volume={521},
  pages={436--444},
  year={2015},
  publisher={Citeseer}
}

@article{zhu2016adversarial,
  title={Adversarial deep structural networks for mammographic mass segmentation},
  author={Zhu, Wentao and Xie, Xiaohui},
  journal={arXiv preprint arXiv:1612.05970},
  year={2016}
}

@inproceedings{goodfellow2014generative,
  title={Generative adversarial nets},
  author={Goodfellow, Ian and Pouget-Abadie, Jean and Mirza, Mehdi and Xu, Bing and Warde-Farley, David and Ozair, Sherjil and Courville, Aaron and Bengio, Yoshua},
  booktitle={Advances in neural information processing systems},
  pages={2672--2680},
  year={2014}
}

@article{isola2016image,
  title={Image-to-image translation with conditional adversarial networks},
  author={Isola, Phillip and Zhu, Jun-Yan and Zhou, Tinghui and Efros, Alexei A},
  journal={arXiv preprint arXiv:1611.07004},
  year={2016}
}

@inproceedings{gupta2016efficient,
  title={An efficient automated method for exudates segmentation using image normalization and histogram analysis},
  author={Gupta, Ashmita and Issac, Ashish and Sengar, Namita and Dutta, Malay Kishore},
  booktitle={Contemporary Computing (IC3), 2016 Ninth International Conference on},
  pages={1--5},
  year={2016},
  organization={IEEE}
}

@article{walter2002contribution,
  title={A contribution of image processing to the diagnosis of diabetic retinopathy-detection of exudates in color fundus images of the human retina},
  author={Walter, Thomas and Klein, J-C and Massin, Pascale and Erginay, Ali},
  journal={IEEE transactions on medical imaging},
  volume={21},
  number={10},
  pages={1236--1243},
  year={2002},
  publisher={IEEE}
}

@article{fraz2017multiscale,
  title={Multiscale segmentation of exudates in retinal images using contextual cues and ensemble classification},
  author={Fraz, M Moazam and Jahangir, Waqas and Zahid, Saqib and Hamayun, Mian M and Barman, Sarah A},
  journal={Biomedical Signal Processing and Control},
  volume={35},
  pages={50--62},
  year={2017},
  publisher={Elsevier}
}

@inproceedings{rajan2016analytical,
  title={An Analytical Method for the Detection of Exudates in Retinal Images Using Invertible Orientation Scores},
  author={Rajan, Surya and Das, Taraprasad and Krishnakumar, R},
  booktitle={Proceedings of the World Congress on Engineering},
  volume={1},
  year={2016}
}

@article{araujo2013automatic,
  title={Automatic detection of exudates in retinal images using neural network},
  author={Araujo, Flavio and Veras, Rodrigo and Macedo, Andre and Medeiros, Fatima},
  journal={Dept of Computing, Federal University, Brazil},
  year={2013}
}

@inproceedings{jaafar2010detection,
  title={Detection of exudates in retinal images using a pure splitting technique},
  author={Jaafar, Hussain F and Nandi, Asoke K and Al-Nuaimy, Waleed},
  booktitle={Engineering in Medicine and Biology Society (EMBC), 2010 Annual International Conference of the IEEE},
  pages={6745--6748},
  year={2010},
  organization={IEEE}
}

@article{akram2014automated,
  title={Automated detection of exudates and macula for grading of diabetic macular edema},
  author={Akram, M Usman and Tariq, Anam and Khan, Shoab A and Javed, M Younus},
  journal={Computer methods and programs in biomedicine},
  volume={114},
  number={2},
  pages={141--152},
  year={2014},
  publisher={Elsevier}
}

@inproceedings{lim2011automatic,
  title={Automatic classification of diabetic macular edema in digital fundus images},
  author={Lim, ST and Zaki, Wan Mimi Diyana Wan and Hussain, Aini and Lim, SL and Kusalavan, S},
  booktitle={Humanities, Science and Engineering (CHUSER), 2011 IEEE Colloquium on},
  pages={265--269},
  year={2011},
  organization={IEEE}
}

@article{ali2013statistical,
  title={Statistical atlas based exudate segmentation},
  author={Ali, Sharib and Sidib{\'e}, D{\'e}sir{\'e} and Adal, Kedir M and Giancardo, Luca and Chaum, Edward and Karnowski, Thomas P and M{\'e}riaudeau, Fabrice},
  journal={Computerized Medical Imaging and Graphics},
  volume={37},
  number={5},
  pages={358--368},
  year={2013},
  publisher={Elsevier}
}

@article{sinthanayothin1999automated,
  title={Automated localisation of the optic disc, fovea, and retinal blood vessels from digital colour fundus images},
  author={Sinthanayothin, Chanjira and Boyce, James F and Cook, Helen L and Williamson, Thomas H},
  journal={British Journal of Ophthalmology},
  volume={83},
  number={8},
  pages={902--910},
  year={1999},
  publisher={BMJ Publishing Group Ltd.}
}

@inproceedings{pathak2016context,
  title={Context encoders: Feature learning by inpainting},
  author={Pathak, Deepak and Krahenbuhl, Philipp and Donahue, Jeff and Darrell, Trevor and Efros, Alexei A},
  booktitle={Proceedings of the IEEE Conference on Computer Vision and Pattern Recognition},
  pages={2536--2544},
  year={2016}
}

@article{ledig2016photo,
  title={Photo-realistic single image super-resolution using a generative adversarial network},
  author={Ledig, Christian and Theis, Lucas and Husz{\'a}r, Ferenc and Caballero, Jose and Cunningham, Andrew and Acosta, Alejandro and Aitken, Andrew and Tejani, Alykhan and Totz, Johannes and Wang, Zehan and others},
  journal={arXiv preprint arXiv:1609.04802},
  year={2016}
}

@article{zhang2017image,
  title={Image De-raining Using a Conditional Generative Adversarial Network},
  author={Zhang, He and Sindagi, Vishwanath and Patel, Vishal M},
  journal={arXiv preprint arXiv:1701.05957},
  year={2017}
}


@article{lecun1989backpropagation,
  title={Backpropagation applied to handwritten zip code recognition},
  author={LeCun, Yann and Boser, Bernhard and Denker, John S and Henderson, Donnie and Howard, Richard E and Hubbard, Wayne and Jackel, Lawrence D},
  journal={Neural computation},
  volume={1},
  number={4},
  pages={541--551},
  year={1989},
  publisher={MIT Press}
}

@article{breiman1996bagging,
  title={Bagging predictors},
  author={Breiman, Leo},
  journal={Machine learning},
  volume={24},
  number={2},
  pages={123--140},
  year={1996},
  publisher={Springer}
}


@inproceedings{denton2015deep,
  title={Deep Generative Image Models using a Laplacian Pyramid of Adversarial Networks},
  author={Denton, Emily L and Chintala, Soumith and Fergus, Rob and others},
  booktitle={Advances in neural information processing systems},
  pages={1486--1494},
  year={2015}
}

@article{radford2015unsupervised,
  title={Unsupervised representation learning with deep convolutional generative adversarial networks},
  author={Radford, Alec and Metz, Luke and Chintala, Soumith},
  journal={arXiv preprint arXiv:1511.06434},
  year={2015}
}

@inproceedings{salimans2016improved,
  title={Improved techniques for training gans},
  author={Salimans, Tim and Goodfellow, Ian and Zaremba, Wojciech and Cheung, Vicki and Radford, Alec and Chen, Xi},
  booktitle={Advances in Neural Information Processing Systems},
  pages={2234--2242},
  year={2016}
}

@article{isola2016image,
  title={Image-to-image translation with conditional adversarial networks},
  author={Isola, Phillip and Zhu, Jun-Yan and Zhou, Tinghui and Efros, Alexei A},
  journal={arXiv preprint arXiv:1611.07004},
  year={2016}
}


@article{mirza2014conditional,
  title={Conditional generative adversarial nets},
  author={Mirza, Mehdi and Osindero, Simon},
  journal={arXiv preprint arXiv:1411.1784},
  year={2014}
}

@inproceedings{goodfellow2014generative,
  title={Generative adversarial nets},
  author={Goodfellow, Ian and Pouget-Abadie, Jean and Mirza, Mehdi and Xu, Bing and Warde-Farley, David and Ozair, Sherjil and Courville, Aaron and Bengio, Yoshua},
  booktitle={Advances in neural information processing systems},
  pages={2672--2680},
  year={2014}
}

@inproceedings{chen2016infogan,
  title={Infogan: Interpretable representation learning by information maximizing generative adversarial nets},
  author={Chen, Xi and Duan, Yan and Houthooft, Rein and Schulman, John and Sutskever, Ilya and Abbeel, Pieter},
  booktitle={Advances in Neural Information Processing Systems},
  pages={2172--2180},
  year={2016}
}

@article{radford2015unsupervised,
  title={Unsupervised representation learning with deep convolutional generative adversarial networks},
  author={Radford, Alec and Metz, Luke and Chintala, Soumith},
  journal={arXiv preprint arXiv:1511.06434},
  year={2015}
}

@article{zhang2016stackgan,
  title={Stackgan: Text to photo-realistic image synthesis with stacked generative adversarial networks},
  author={Zhang, Han and Xu, Tao and Li, Hongsheng and Zhang, Shaoting and Huang, Xiaolei and Wang, Xiaogang and Metaxas, Dimitris},
  journal={arXiv preprint arXiv:1612.03242},
  year={2016}
}

@article{arjovsky2017wasserstein,
  title={Wasserstein gan},
  author={Arjovsky, Martin and Chintala, Soumith and Bottou, L{\'e}on},
  journal={arXiv preprint arXiv:1701.07875},
  year={2017}
}


@article{wu2017gp,
  title={GP-GAN: Towards Realistic High-Resolution Image Blending},
  author={Wu, Huikai and Zheng, Shuai and Zhang, Junge and Huang, Kaiqi},
  journal={arXiv preprint arXiv:1703.07195},
  year={2017}
}


@article{bourne2013causes,
  title={Causes of vision loss worldwide, 1990--2010: a systematic analysis},
  author={Bourne, Rupert RA and Stevens, Gretchen A and White, Richard A and Smith, Jennifer L and Flaxman, Seth R and Price, Holly and Jonas, Jost B and Keeffe, Jill and Leasher, Janet and Naidoo, Kovin and others},
  journal={The Lancet Global Health},
  volume={1},
  number={6},
  pages={e339--e349},
  year={2013},
  publisher={Elsevier}
}

@article{imani2016novel,
  title={A novel method for retinal exudate segmentation using signal separation algorithm},
  author={Imani, Elaheh and Pourreza, Hamid-Reza},
  journal={Computer methods and programs in biomedicine},
  volume={133},
  pages={195--205},
  year={2016},
  publisher={Elsevier}
}

@article{tan2017automated,
  title={Automated segmentation of exudates, haemorrhages, microaneurysms using single convolutional neural network},
  author={Tan, Jen Hong and Fujita, Hamido and Sivaprasad, Sobha and Bhandary, Sulatha V and Rao, A Krishna and Chua, Kuang Chua and Acharya, U Rajendra},
  journal={Information Sciences},
  volume={420},
  pages={66--76},
  year={2017},
  publisher={Elsevier}
}

@article{harangi2014automatic,
  title={Automatic exudate detection by fusing multiple active contours and regionwise classification},
  author={Harangi, Balazs and Hajdu, Andras},
  journal={Computers in biology and medicine},
  volume={54},
  pages={156--171},
  year={2014},
  publisher={Elsevier}
}

@inproceedings{xiao2015hard,
  title={Hard exudates detection method based on background-estimation},
  author={Xiao, Zhitao and Li, Feng and Geng, Lei and Zhang, Fang and Wu, Jun and Zhang, Xinpeng and Su, Long and Shan, Chunyan and Yang, Zhenjie and Sun, Yuling and others},
  booktitle={International Conference on Image and Graphics},
  pages={361--372},
  year={2015},
  organization={Springer}
}

@article{akram2014automated,
  title={Automated detection of exudates and macula for grading of diabetic macular edema},
  author={Akram, M Usman and Tariq, Anam and Khan, Shoab A and Javed, M Younus},
  journal={Computer methods and programs in biomedicine},
  volume={114},
  number={2},
  pages={141--152},
  year={2014},
  publisher={Elsevier}
}

@article{garcia2009neural,
  title={Neural network based detection of hard exudates in retinal images},
  author={Garc{\'\i}a, Mar{\'\i}a and S{\'a}nchez, Clara I and L{\'o}pez, Mar{\'\i}a I and Ab{\'a}solo, Daniel and Hornero, Roberto},
  journal={Computer Methods and programs in biomedicine},
  volume={93},
  number={1},
  pages={9--19},
  year={2009},
  publisher={Elsevier}
}

@article{pereira2015exudate,
  title={Exudate segmentation in fundus images using an ant colony optimization approach},
  author={Pereira, Carla and Gon{\c{c}}alves, Lu{\'\i}s and Ferreira, Manuel},
  journal={Information Sciences},
  volume={296},
  pages={14--24},
  year={2015},
  publisher={Elsevier}
}

@article{walter2002contribution,
  title={A contribution of image processing to the diagnosis of diabetic retinopathy-detection of exudates in color fundus images of the human retina},
  author={Walter, Thomas and Klein, J-C and Massin, Pascale and Erginay, Ali},
  journal={IEEE transactions on medical imaging},
  volume={21},
  number={10},
  pages={1236--1243},
  year={2002},
  publisher={IEEE}
}

@article{wolf2006object,
  title={Object count/area graphs for the evaluation of object detection and segmentation algorithms},
  author={Wolf, Christian and Jolion, Jean-Michel},
  journal={International Journal of Document Analysis and Recognition (IJDAR)},
  volume={8},
  number={4},
  pages={280--296},
  year={2006},
  publisher={Springer}
}

@article{welfer2010coarse,
  title={A coarse-to-fine strategy for automatically detecting exudates in color eye fundus images},
  author={Welfer, Daniel and Scharcanski, Jacob and Marinho, Diane Ruschel},
  journal={Computerized Medical Imaging and Graphics},
  volume={34},
  number={3},
  pages={228--235},
  year={2010},
  publisher={Elsevier}
}

@article{sopharak2008automatic,
  title={Automatic detection of diabetic retinopathy exudates from non-dilated retinal images using mathematical morphology methods},
  author={Sopharak, Akara and Uyyanonvara, Bunyarit and Barman, Sarah and Williamson, Thomas H},
  journal={Computerized medical imaging and graphics},
  volume={32},
  number={8},
  pages={720--727},
  year={2008},
  publisher={Elsevier}
}

@article{amel2012improvement,
  title={Improvement of the hard exudates detection method used for computer-aided diagnosis of diabetic retinopathy},
  author={Amel, Feroui and Mohammed, Messadi and Abdelhafid, Bessaid},
  journal={International Journal of Image, Graphics and Signal Processing},
  volume={4},
  number={4},
  pages={19},
  year={2012},
  publisher={Modern Education and Computer Science Press}
}

@article{ege2000screening,
  title={Screening for diabetic retinopathy using computer based image analysis and statistical classification},
  author={Ege, Bernhard M and Hejlesen, Ole K and Larsen, Ole V and M{\o}ller, Karina and Jennings, Barry and Kerr, David and Cavan, David A},
  journal={Computer methods and programs in biomedicine},
  volume={62},
  number={3},
  pages={165--175},
  year={2000},
  publisher={Elsevier}
}

@article{li2004automated,
  title={Automated feature extraction in color retinal images by a model based approach},
  author={Li, Huiqi and Chutatape, Opas},
  journal={IEEE Transactions on biomedical engineering},
  volume={51},
  number={2},
  pages={246--254},
  year={2004},
  publisher={IEEE}
}

@article{sinthanayothin2002automated,
  title={Automated detection of diabetic retinopathy on digital fundus images},
  author={Sinthanayothin, Chanjira and Boyce, James F and Williamson, Tom H and Cook, Helen L and Mensah, Evelyn and Lal, Shantanu and Usher, David},
  journal={Diabetic medicine},
  volume={19},
  number={2},
  pages={105--112},
  year={2002},
  publisher={Wiley Online Library}
}

@article{usher2004automated,
  title={Automated detection of diabetic retinopathy in digital retinal images: a tool for diabetic retinopathy screening},
  author={Usher, Dumskyj and Dumskyj, M and Himaga, Mitsutoshi and Williamson, Tom H and Nussey, Sl and Boyce, J},
  journal={Diabetic Medicine},
  volume={21},
  number={1},
  pages={84--90},
  year={2004},
  publisher={Wiley Online Library}
}

@article{phillips1993automated,
  title={Automated detection and quantification of retinal exudates},
  author={Phillips, Russell and Forrester, John and Sharp, Peter},
  journal={Graefe's archive for clinical and experimental ophthalmology},
  volume={231},
  number={2},
  pages={90--94},
  year={1993},
  publisher={Springer}
}

@article{garcia2009neural,
  title={Neural network based detection of hard exudates in retinal images},
  author={Garc{\'\i}a, Mar{\'\i}a and S{\'a}nchez, Clara I and L{\'o}pez, Mar{\'\i}a I and Ab{\'a}solo, Daniel and Hornero, Roberto},
  journal={Computer Methods and programs in biomedicine},
  volume={93},
  number={1},
  pages={9--19},
  year={2009},
  publisher={Elsevier}
}

@article{yazid2012automated,
  title={Automated identification of exudates and optic disc based on inverse surface thresholding},
  author={Yazid, Haniza and Arof, Hamzah and Isa, Hazlita Mohd},
  journal={Journal of medical systems},
  volume={36},
  number={3},
  pages={1997--2004},
  year={2012},
  publisher={Springer}
}

@article{figueiredo2015automated,
  title={Automated lesion detectors in retinal fundus images},
  author={Figueiredo, Isabel N and Kumar, SUNIL and Oliveira, Carlos Manta and Ramos, Jo{\~a}o Diogo and Engquist, Bj{\"o}rn},
  journal={Computers in biology and medicine},
  volume={66},
  pages={47--65},
  year={2015},
  publisher={Elsevier}
}



@article{wisaeng2015automatic,
  title={Automatic detection of exudates in retinal images based on threshold moving average models},
  author={Wisaeng, Kittipol and Hiransakolwong, Nualsawat and Pothiruk, Ekkarat},
  journal={Biophysics},
  volume={60},
  number={2},
  pages={288--297},
  year={2015},
  publisher={Springer}
}


@article{akram2014automated,
  title={Automated detection of exudates and macula for grading of diabetic macular edema},
  author={Akram, M Usman and Tariq, Anam and Khan, Shoab A and Javed, M Younus},
  journal={Computer methods and programs in biomedicine},
  volume={114},
  number={2},
  pages={141--152},
  year={2014},
  publisher={Elsevier}
}

@article{fleming2007automated,
  title={Automated detection of exudates for diabetic retinopathy screening},
  author={Fleming, Alan D and Philip, Sam and Goatman, Keith A and Williams, Graeme J and Olson, John A and Sharp, Peter F},
  journal={Physics in medicine and biology},
  volume={52},
  number={24},
  pages={7385},
  year={2007},
  publisher={IOP Publishing}
}


@article{garcia2009neural,
  title={Neural network based detection of hard exudates in retinal images},
  author={Garc{\'\i}a, Mar{\'\i}a and S{\'a}nchez, Clara I and L{\'o}pez, Mar{\'\i}a I and Ab{\'a}solo, Daniel and Hornero, Roberto},
  journal={Computer Methods and programs in biomedicine},
  volume={93},
  number={1},
  pages={9--19},
  year={2009},
  publisher={Elsevier}
}

@article{giancardo2012exudate,
  title={Exudate-based diabetic macular edema detection in fundus images using publicly available datasets},
  author={Giancardo, Luca and Meriaudeau, Fabrice and Karnowski, Thomas P and Li, Yaqin and Garg, Seema and Tobin, Kenneth W and Chaum, Edward},
  journal={Medical image analysis},
  volume={16},
  number={1},
  pages={216--226},
  year={2012},
  publisher={Elsevier}
}

@article{sanchez2008novel,
  title={A novel automatic image processing algorithm for detection of hard exudates based on retinal image analysis},
  author={S{\'a}nchez, Clara I and Hornero, Roberto and L{\'o}pez, Mar{\'\i}a I and Aboy, Mateo and Poza, Jes{\'u}s and Ab{\'a}solo, Daniel},
  journal={Medical Engineering \& Physics},
  volume={30},
  number={3},
  pages={350--357},
  year={2008},
  publisher={Elsevier}
}

@article{niemeijer2007automated,
  title={Automated detection and differentiation of drusen, exudates, and cotton-wool spots in digital color fundus photographs for diabetic retinopathy diagnosis},
  author={Niemeijer, Meindert and van Ginneken, Bram and Russell, Stephen R and Suttorp-Schulten, Maria SA and Abramoff, Michael D},
  journal={Investigative ophthalmology \& visual science},
  volume={48},
  number={5},
  pages={2260--2267},
  year={2007},
  publisher={The Association for Research in Vision and Ophthalmology}
}


@article{osareh2009computational,
  title={A computational-intelligence-based approach for detection of exudates in diabetic retinopathy images},
  author={Osareh, Alireza and Shadgar, Bita and Markham, Richard},
  journal={IEEE Transactions on Information Technology in Biomedicine},
  volume={13},
  number={4},
  pages={535--545},
  year={2009},
  publisher={IEEE}
}


@article{zhang2014exudate,
  title={Exudate detection in color retinal images for mass screening of diabetic retinopathy},
  author={Zhang, Xiwei and Thibault, Guillaume and Decenci{\`e}re, Etienne and Marcotegui, Beatriz and La{\"y}, Bruno and Danno, Ronan and Cazuguel, Guy and Quellec, Gw{\'e}nol{\'e} and Lamard, Mathieu and Massin, Pascale and others},
  journal={Medical image analysis},
  volume={18},
  number={7},
  pages={1026--1043},
  year={2014},
  publisher={Elsevier}
}

@inproceedings{harangi2012automatic,
  title={Automatic exudate detection with improved Na{\"\i}ve-Bayes classifier},
  author={Harangi, Balazs and Antal, Balint and Hajdu, Andras},
  booktitle={Computer-Based Medical Systems (CBMS), 2012 25th International Symposium on},
  pages={1--4},
  year={2012},
  organization={IEEE}
}

@article{chawla2002smote,
  title={SMOTE: synthetic minority over-sampling technique},
  author={Chawla, Nitesh V and Bowyer, Kevin W and Hall, Lawrence O and Kegelmeyer, W Philip},
  journal={Journal of artificial intelligence research},
  volume={16},
  pages={321--357},
  year={2002}
}

@article{wolf2006object,
  title={Object count/area graphs for the evaluation of object detection and segmentation algorithms},
  author={Wolf, Christian and Jolion, Jean-Michel},
  journal={International Journal of Document Analysis and Recognition (IJDAR)},
  volume={8},
  number={4},
  pages={280--296},
  year={2006},
  publisher={Springer}
}

@article{Douzas:2018ka,
author = {Douzas, Georgios and Bacao, Fernando},
title = {{Effective data generation for imbalanced learning using conditional generative adversarial networks}},
journal = {Expert Systems With Applications},
year = {2018},
volume = {91},
pages = {464--471},
month = jan
}

@article{pereira2015exudate,
  title={Exudate segmentation in fundus images using an ant colony optimization approach},
  author={Pereira, Carla and Gon{\c{c}}alves, Lu{\'\i}s and Ferreira, Manuel},
  journal={Information Sciences},
  volume={296},
  pages={14--24},
  year={2015},
  publisher={Elsevier}
}

